
@inproceedings{grover1996fast,
  title={A fast quantum mechanical algorithm for database search},
  author={Grover, Lov K},
  booktitle={Proceedings of the twenty-eighth annual ACM symposium on Theory of computing},
  pages={212--219},
  year={1996},
  organization={ACM}
}

@book{cormen2009introduction,
  title={Introduction to algorithms},
  author={Cormen, Thomas H},
  year={2009},
  publisher={MIT press}
}

@inproceedings{mucha2004maximum,
  title={Maximum matchings via Gaussian elimination},
  author={Mucha, Marcin and Sankowski, Piotr},
  booktitle={Foundations of Computer Science, 2004. Proceedings. 45th Annual IEEE Symposium on},
  pages={248--255},
  year={2004},
  organization={IEEE}
}

@article{hopkroft1973n5,
  title={An n5= 2 algorithm for maximum matching in bipartite graphs},
  author={Hopkroft, John E and Karp, Richard M},
  journal={SIAM J. Comput},
  volume={2},
  pages={225--231},
  year={1973}
}


@article{boyer1996tight,
  title={Tight bounds on quantum searching},
  author={Boyer, Michel and Brassard, Gilles and H{\o}yer, Peter and Tapp, Alain},
  journal={arXiv preprint quant-ph/9605034},
  year={1996}
}

@inproceedings{ambainis2006quantum,
  title={Quantum algorithms for matching and network flows},
  author={Ambainis, Andris and Spalek, Robert},
  booktitle={STACS},
  pages={172--183},
  year={2006},
  organization={Springer}
}

@inproceedings{durr2004quantum,
  title={Quantum query complexity of some graph problems},
  author={D{\"u}rr, Christoph and Heiligman, Mark and H{\o}yer, Peter and Mhalla, Mehdi},
  booktitle={International Colloquium on Automata, Languages, and Programming},
  pages={481--493},
  year={2004},
  organization={Springer}
}